<?xml version="1.0" encoding="UTF-8"?><collection xmlns="http://www.loc.gov/MARC21/slim"><record><leader>00465nam--2200145-i-4500</leader><controlfield tag="001">000012197</controlfield><controlfield tag="002">20161230</controlfield><controlfield tag="005">20170225110058</controlfield><controlfield tag="008">060222s1000------------r-----000-0-eng-d</controlfield><datafield ind1=" " ind2=" " tag="100"><subfield code="a">Dupre, Jacques</subfield></datafield><datafield ind1=" " ind2=" " tag="245"><subfield code="a">Generation d impulsions laser infrarouges: etude de leurs mecanismes et application a la separation isotopique</subfield></datafield><datafield ind1=" " ind2=" " tag="260"><subfield code="a">Paris</subfield><subfield code="b">L Universite De Paris-sud</subfield><subfield code="c">1977</subfield></datafield><datafield ind1=" " ind2=" " tag="300"><subfield code="a">213 p</subfield></datafield><datafield ind1=" " ind2=" " tag="852"><subfield code="a">621.375.826:621.039.3(043)</subfield></datafield><datafield ind1=" " ind2=" " tag="CAT"><subfield code="a">SYS</subfield><subfield code="c">20170225</subfield><subfield code="h">110058</subfield></datafield></record></collection>